@article{miller1998introduction,
  title={An introduction to the resource description framework},
  author={Miller, Eric},
  journal={Bulletin of the American Society for Information Science and Technology},
  volume={25},
  number={1},
  pages={15--19},
  year={1998},
  publisher={Wiley Online Library}
}

@article{lee2013scaling,
  title={Scaling queries over big RDF graphs with semantic hash partitioning},
  author={Lee, Kisung and Liu, Ling},
  journal={Proceedings of the VLDB Endowment},
  volume={6},
  number={14},
  pages={1894--1905},
  year={2013},
  publisher={VLDB Endowment}
}

@inproceedings{parsia2004pellet,
  title={Pellet: An owl dl reasoner},
  author={Parsia, Bijan and Sirin, Evren},
  booktitle={Third international semantic web conference-poster},
  volume={18},
  pages={2},
  year={2004},
  organization={Publishing}
}

@article{mcguinness2004owl,
  title={OWL web ontology language overview},
  author={McGuinness, Deborah L and Van Harmelen, Frank and others},
  journal={W3C recommendation},
  volume={10},
  number={10},
  pages={2004},
  year={2004}
}

@inproceedings{liu2016rors,
  title={RORS: enhanced rule-based OWL reasoning on Spark},
  author={Liu, Zhihui and Feng, Zhiyong and Zhang, Xiaowang and Wang, Xin and Rao, Guozheng},
  booktitle={Asia-Pacific Web Conference},
  pages={444--448},
  year={2016},
  organization={Springer}
}

@inproceedings{lehmann2017distributed,
  title={Distributed semantic analytics using the sansa stack},
  author={Lehmann, Jens and Sejdiu, Gezim and B{\"u}hmann, Lorenz and Westphal, Patrick and Stadler, Claus and Ermilov, Ivan and Bin, Simon and Chakraborty, Nilesh and Saleem, Muhammad and Ngomo, Axel-Cyrille Ngonga and others},
  booktitle={International Semantic Web Conference},
  pages={147--155},
  year={2017},
  organization={Springer}
}

@Manual{XXXX,
title = {Title},
author = {Paul},    
note = {Available at \url{http://www.qqq.com}, version 1.6.0}
}

@Manual{uri,
title = {Uniform Resource Identifier},
note = {\url{https://www.w3.org/Addressing/}}
}

@Manual{rdf,
title = {Resource Descriprtion Framework},
note = {\url{https://www.w3.org/RDF/}}
}